



@Article{Gershman_2016,
  author       = {Gershman, Samuel J. and Tenenbaum, Joshua B. and
                  Jäkel, Frank},
  title	       = {Discovering hierarchical motion structure},
  year	       = 2016,
  volume       = 126,
  month	       = {Sep},
  pages	       = {232–241},
  issn	       = {0042-6989},
  doi	       = {10.1016/j.visres.2015.03.004},
  url	       = {http://dx.doi.org/10.1016/j.visres.2015.03.004},
  journal      = {Vision Research},
  publisher    = {Elsevier BV}
}


@Article{Johansson_1973,
  author       = {Johansson, Gunnar},
  title	       = {Visual perception of biological motion and a model
                  for its analysis},
  year	       = 1973,
  volume       = 14,
  number       = 2,
  month	       = {Jun},
  pages	       = {201–211},
  issn	       = {1532-5962},
  doi	       = {10.3758/bf03212378},
  url	       = {http://dx.doi.org/10.3758/bf03212378},
  journal      = {Perception \& Psychophysics},
  publisher    = {Springer Science and Business Media LLC}
}

@Article{Saad_2019,
  author       = {Saad, Feras A. and Cusumano-Towner, Marco F. and
                  Schaechtle, Ulrich and Rinard, Martin C. and
                  Mansinghka, Vikash K.},
  title	       = {Bayesian synthesis of probabilistic programs for
                  automatic data modeling},
  year	       = 2019,
  volume       = 3,
  number       = {POPL},
  month	       = {Jan},
  pages	       = {1–32},
  issn	       = {2475-1421},
  doi	       = {10.1145/3290350},
  url	       = {http://dx.doi.org/10.1145/3290350},
  journal      = {Proceedings of the ACM on Programming Languages},
  publisher    = {Association for Computing Machinery (ACM)}
}

@Article{Neal_1996,
  author       = {Neal, Radford M.},
  title	       = {Priors for Infinite Networks},
  year	       = 1996,
  pages	       = {29–53},
  issn	       = {0930-0325},
  doi	       = {10.1007/978-1-4612-0745-0_2},
  url	       = {http://dx.doi.org/10.1007/978-1-4612-0745-0_2},
  isbn	       = 9781461207450,
  journal      = {Lecture Notes in Statistics},
  publisher    = {Springer New York}
}


@Article{Bolton_2019,
  author       = {Bolton, Andrew D and Haesemeyer, Martin and Jordi,
                  Josua and Schaechtle, Ulrich and Saad, Feras A and
                  Mansinghka, Vikash K and Tenenbaum, Joshua B and
                  Engert, Florian},
  title	       = {Elements of a stochastic 3D prediction engine in
                  larval zebrafish prey capture},
  year	       = 2019,
  volume       = 8,
  month	       = {Nov},
  issn	       = {2050-084X},
  doi	       = {10.7554/elife.51975},
  url	       = {http://dx.doi.org/10.7554/elife.51975},
  journal      = {eLife},
  publisher    = {eLife Sciences Publications, Ltd}
}

@Article{Bianco_2015,
  author       = {Bianco, Isaac H. and Engert, Florian},
  title	       = {Visuomotor Transformations Underlying Hunting
                  Behavior in Zebrafish},
  year	       = 2015,
  volume       = 25,
  number       = 7,
  month	       = {Mar},
  pages	       = {831–846},
  issn	       = {0960-9822},
  doi	       = {10.1016/j.cub.2015.01.042},
  url	       = {http://dx.doi.org/10.1016/j.cub.2015.01.042},
  journal      = {Current Biology},
  publisher    = {Elsevier BV}
}

